@book{Corbett2006,
  author = {Greville G. Corbett},
  title = {Agreement},
  publisher = {Cambridge University Press},
  address = {Cambridge},
  year = {2006},
}

@book{McElreath2020,
  author = {Richard McElreath},
  title = {Statistical Rethinking},
  year = 2020,
  address = {Boca Raton},
  publisher = {Taylor \& Francis Group, LLC},
}

@book{Pearl2009,
  author = {Pearl, Judea},
  year = 2009,
  title = {Causality: Models, Reasoning, and Inference: Models, Reasoning, and
           Interference},
  address = {Cambridge},
  publisher = {Cambridge University Press},
}
@article{Sevdali2013,
  title = {{Case Transmission beyond Control and the Role of Person}},
  author = {Christina Sevdali},
  year = 2013,
  journal = {Journal of Historical Syntax},
  volume = 2,
  number = 4,
  pages = {1--52},
}
@article{Sevdali2013b,
  title = {{Ancient Greek Infinitives and Phases}},
  author = {Sevdali, Christina},
  year = 2013,
  journal = {Syntax},
  volume = 16,
  number = 4,
  pages = {324--361},
  doi = {https://doi.org/10.1111/synt.12004},
}
@inbook{Tantalou2003,
  title = {{Infinitives with overt subjects in Classical Greek}},
  author = {Niki Tantalou},
  pages = {358--365},
  crossref = {2003Mgth},
}
@book{2003Mgth,
  title = { { Μελέτες για την ελληνική γλώσσα: πρακτικά της 23ης ετήσιας
           συνάντησης του τμήματος φιλολογίας του Αριστοτελείου Πανεπιστημίου
           Θεσσαλονίκης, 17-19 Μαΐου, 2002 } },
  year = 2003,
  publisher = {Αφοί Κυριακίδη},
  address = {Θεσσαλονίκη},
  organization = { Αριστοτέλειο Πανεπιστημείο Θεσσαλονίκης. Τομέας Γλωσσολογίας.
                  Συνάντηση 2002) },
  langid = {greek},
}
@inbook{Spyropoulos2005,
  title = {{The syntax of Classical Greek infinitive}},
  author = {Vassilios Spyropoulos},
  pages = {295--337},
  crossref = {Kiss2005},
}
@book{Kiss2005,
  title = {{Universal Grammar in the Reconstruction of Ancient Languages}},
  year = 2005,
  publisher = {Mouton de Gruyter},
  address = {Berlin},
  editor = {Katalin Kiss},
}
